<record><leader>00000cas a22000007i 4500</leader><controlfield tag="001">895039478</controlfield><controlfield tag="006">m     o  d        </controlfield><controlfield tag="007">cr |n|000|||||</controlfield><controlfield tag="008">970517d18841925tnuwr neo     0   a0eng  </controlfield><datafield ind1=" " ind2=" " tag="010"><subfield code="a">  2014218840</subfield></datafield><datafield ind1=" " ind2=" " tag="040"><subfield code="a">Nz</subfield><subfield code="b">eng</subfield><subfield code="e">rda</subfield><subfield code="c">Z5A</subfield><subfield code="d">OCLCO</subfield><subfield code="d">DLC</subfield><subfield code="d">OCLCF</subfield></datafield><datafield ind1="0" ind2=" " tag="022"><subfield code="a">2376-5593</subfield><subfield code="2">1</subfield></datafield><datafield ind1="0" ind2=" " tag="029"><subfield code="a">NZ1</subfield><subfield code="b">15700660</subfield></datafield><datafield ind1="1" ind2=" " tag="029"><subfield code="a">NZ1</subfield><subfield code="b">16179369</subfield></datafield><datafield ind1=" " ind2=" " tag="042"><subfield code="a">msc</subfield><subfield code="a">nsdp</subfield></datafield><datafield ind1=" " ind2=" " tag="043"><subfield code="a">n-us-tn</subfield></datafield><datafield ind1="1" ind2="0" tag="050"><subfield code="a">ISSN RECORD</subfield></datafield><datafield ind1="0" ind2="0" tag="082"><subfield code="a">071</subfield><subfield code="2">23</subfield></datafield><datafield ind1="0" ind2=" " tag="130"><subfield code="a">Lawrence Democrat (Lawrenceburg, Tenn.)</subfield></datafield><datafield ind1=" " ind2="0" tag="222"><subfield code="a">Lawrence Democrat</subfield><subfield code="b">(Lawrenceburg, Tenn. Online)</subfield></datafield><datafield ind1="1" ind2="0" tag="245"><subfield code="a">Lawrence Democrat.</subfield></datafield><datafield ind1="1" ind2=" " tag="246"><subfield code="i">Title appears as:</subfield><subfield code="a">Twice-a-week Lawrence democrat</subfield></datafield><datafield ind1=" " ind2="1" tag="264"><subfield code="a">Lawrenceburg, Tenn. :</subfield><subfield code="b">W. T. Nixon &amp; W. A. Stewart</subfield></datafield><datafield ind1=" " ind2=" " tag="300"><subfield code="a">1 online resource</subfield></datafield><datafield ind1=" " ind2=" " tag="310"><subfield code="a">Weekly,</subfield><subfield code="b">Jan. 30, 1912-Dec. 23, 1925</subfield></datafield><datafield ind1=" " ind2=" " tag="321"><subfield code="a">Weekly,</subfield><subfield code="b">&lt;Apr. 25, 1890&gt;-Sept. 8, 1905</subfield></datafield><datafield ind1=" " ind2=" " tag="321"><subfield code="a">Semiweekly,</subfield><subfield code="b">Sept. 12, 1905-Jan. 26, 1912</subfield></datafield><datafield ind1=" " ind2=" " tag="336"><subfield code="a">text</subfield><subfield code="b">txt</subfield><subfield code="2">rdacontent</subfield></datafield><datafield ind1=" " ind2=" " tag="337"><subfield code="a">computer</subfield><subfield code="b">c</subfield><subfield code="2">rdamedia</subfield></datafield><datafield ind1=" " ind2=" " tag="338"><subfield code="a">online resource</subfield><subfield code="b">cr</subfield><subfield code="2">rdacarrier</subfield></datafield><datafield ind1="1" ind2=" " tag="362"><subfield code="a">Began in 1884; ceased December 23, 1925.</subfield></datafield><datafield ind1=" " ind2=" " tag="500"><subfield code="a">Publishers: W.T. Nixon &amp; W.A. Stewart, &lt;1890&gt;-1891; A.C. Tinsley, 1892-&lt;1893&gt;; L. Mino Bentley, &lt;1894&gt;; C.H. &amp; L.M. Bentley, 1894; C.H. Bentley, 1894-&lt;1896&gt;; C.T. Crawford &amp; T.H. Meredith, &lt;1903&gt;-1905; C.T. Crawford &amp; L.B. White, 1905; C.T. Crawford &amp; Noah White, 1905-1906; C.T. Crawford, 1906-1915; C.T. Crawford &amp; Almon J. Sims, 1915-1916; The Crawfords (C.T. Crawford, Sr. &amp; C.T. Crawford, Jr.), 1916-1925.</subfield></datafield><datafield ind1=" " ind2=" " tag="580"><subfield code="a">Merged with: Lawrence union, to form: Lawrence democrat-union (Lawrenceburg, Tenn. :1926).</subfield></datafield><datafield ind1=" " ind2=" " tag="588"><subfield code="a">Description based on: Volume VI, number 29 (April 25, 1890); title from masthead (Chroniclingamerica.loc.gov, viewed December 10, 2014).</subfield></datafield><datafield ind1=" " ind2=" " tag="588"><subfield code="a">Latest issue consulted: Volume XXX, number 21 (December 24, 1913) (Chroniclingamerica.loc.gov, viewed December 10, 2014).</subfield></datafield><datafield ind1=" " ind2="0" tag="651"><subfield code="a">Lawrenceburg (Tenn.)</subfield><subfield code="v">Newspapers.</subfield></datafield><datafield ind1=" " ind2="0" tag="651"><subfield code="a">Lawrence County (Tenn.)</subfield><subfield code="v">Newspapers.</subfield></datafield><datafield ind1=" " ind2="7" tag="655"><subfield code="a">Newspapers.</subfield><subfield code="2">fast</subfield><subfield code="0">(OCoLC)fst01423814</subfield></datafield><datafield ind1=" " ind2="7" tag="651"><subfield code="a">Tennessee</subfield><subfield code="z">Lawrence County.</subfield><subfield code="2">fast</subfield><subfield code="0">(OCoLC)fst01214509</subfield></datafield><datafield ind1=" " ind2="7" tag="651"><subfield code="a">Tennessee</subfield><subfield code="z">Lawrenceburg.</subfield><subfield code="2">fast</subfield><subfield code="0">(OCoLC)fst01224705</subfield></datafield><datafield ind1="0" ind2=" " tag="730"><subfield code="a">Lawrence democrat (Lawrenceburg, Tenn. : Online)</subfield></datafield><datafield ind1=" " ind2=" " tag="752"><subfield code="a">United States</subfield><subfield code="b">Tennessee</subfield><subfield code="c">Lawrence</subfield><subfield code="d">Lawrenceburg.</subfield></datafield><datafield ind1="0" ind2="8" tag="776"><subfield code="i">Originally issued in print:</subfield><subfield code="t">Lawrence Democrat (Lawrenceburg, Tenn.)</subfield><subfield code="x">2376-5585</subfield><subfield code="w">(DLC)sn 97065077</subfield><subfield code="w">(OCoLC)36924027</subfield></datafield><datafield ind1="1" ind2="7" tag="785"><subfield code="t">Lawrence union</subfield></datafield><datafield ind1="1" ind2="7" tag="785"><subfield code="t">Lawrence democrat-union (Lawrenceburg, Tenn. : 1926)</subfield></datafield><datafield ind1="4" ind2="0" tag="856"><subfield code="u">http://www.loc.gov/chroniclingamerica/lccn/sn97065075/issues</subfield></datafield></record>